<record><leader>00000cas a2200000 a 4500</leader><controlfield tag="001">8797047</controlfield><controlfield tag="008">820922d18091848kyuwr ne      0   a0eng  </controlfield><datafield ind1=" " ind2=" " tag="010"><subfield code="a">sn 82014783 </subfield></datafield><datafield ind1=" " ind2=" " tag="040"><subfield code="a">DLC</subfield><subfield code="b">eng</subfield><subfield code="c">DLC</subfield><subfield code="d">NPX</subfield><subfield code="d">NPY</subfield><subfield code="d">KNP</subfield><subfield code="d">DLC</subfield><subfield code="d">KNP</subfield><subfield code="d">DLC</subfield><subfield code="d">NPI</subfield><subfield code="d">MFN</subfield><subfield code="d">YOX</subfield><subfield code="d">KNP</subfield><subfield code="d">CNW</subfield><subfield code="d">CNK</subfield><subfield code="d">MGN</subfield><subfield code="d">NVK</subfield><subfield code="d">HLS</subfield><subfield code="d">OBN</subfield><subfield code="d">NVK</subfield><subfield code="d">NVF</subfield><subfield code="d">OCL</subfield><subfield code="d">TGN</subfield><subfield code="d">DLC</subfield><subfield code="d">KRTAS</subfield><subfield code="d">OCLCO</subfield><subfield code="d">OCLCQ</subfield><subfield code="d">OCLCF</subfield></datafield><datafield ind1=" " ind2=" " tag="019"><subfield code="a">228697740</subfield></datafield><datafield ind1="1" ind2=" " tag="029"><subfield code="a">AU@</subfield><subfield code="b">000020288972</subfield></datafield><datafield ind1=" " ind2=" " tag="042"><subfield code="a">pcc</subfield></datafield><datafield ind1=" " ind2=" " tag="043"><subfield code="a">n-us-ky</subfield></datafield><datafield ind1="0" ind2="0" tag="050"><subfield code="a">Newspaper 7901</subfield></datafield><datafield ind1="0" ind2=" " tag="130"><subfield code="a">Kentucky gazette (Lexington, Ky. : 1809)</subfield></datafield><datafield ind1="1" ind2="0" tag="245"><subfield code="a">Kentucky gazette.</subfield></datafield><datafield ind1=" " ind2=" " tag="260"><subfield code="a">[Lexington, Ky.] :</subfield><subfield code="b">Daniel Bradford</subfield></datafield><datafield ind1=" " ind2=" " tag="300"><subfield code="a">v.</subfield></datafield><datafield ind1=" " ind2=" " tag="310"><subfield code="a">Weekly,</subfield><subfield code="b">Jan. 5, 1837-&lt;Nov. 3, 1848&gt;</subfield></datafield><datafield ind1=" " ind2=" " tag="321"><subfield code="a">Weekly,</subfield><subfield code="b">1809-Apr. 30, 1836</subfield></datafield><datafield ind1=" " ind2=" " tag="321"><subfield code="a">Semiweekly,</subfield><subfield code="b">May 5-Dec 29, 1836</subfield></datafield><datafield ind1="0" ind2=" " tag="362"><subfield code="a">Vol. 22, no. 1224 (Apr. 11, 1809)-v. 26, no. 1369 (Jan. 7, 1812) ; new ser., v. 3, no. 3 (Jan. 14, 1812)-new ser., v. 4, no. 34 (Aug. 24, 1827) ; v. 40, no. 35 (Aug. 31, 1827)-</subfield></datafield><datafield ind1="1" ind2=" " tag="362"><subfield code="a">Ceased in 1848.</subfield></datafield><datafield ind1=" " ind2=" " tag="515"><subfield code="a">Issues for Jan. 1, 1811-Jan. 7, 1812 called also new ser., v. 2, no. 1-new ser., v. 3, no. 2.</subfield></datafield><datafield ind1=" " ind2=" " tag="515"><subfield code="a">Issues for Jan. 14, 1812-Jan. 13, 1826 called also v. 26-40.</subfield></datafield><datafield ind1=" " ind2=" " tag="515"><subfield code="a">Issues for Jan. 20, 1826-Aug. 24, 1827 called also whole v. 40.</subfield></datafield><datafield ind1=" " ind2=" " tag="530"><subfield code="a">Also issued on microfilm from University Microfilms, Inc., Ann Arbor, MI, and the Library of Congress, Photoduplication Service.</subfield></datafield><datafield ind1=" " ind2="0" tag="651"><subfield code="a">Lexington (Ky.)</subfield><subfield code="v">Newspapers.</subfield></datafield><datafield ind1=" " ind2="0" tag="651"><subfield code="a">Fayette County (Ky.)</subfield><subfield code="v">Newspapers.</subfield></datafield><datafield ind1=" " ind2="7" tag="655"><subfield code="a">Newspapers.</subfield><subfield code="2">fast</subfield><subfield code="0">(OCoLC)fst01423814</subfield></datafield><datafield ind1=" " ind2="7" tag="651"><subfield code="a">Kentucky</subfield><subfield code="z">Fayette County.</subfield><subfield code="2">fast</subfield><subfield code="0">(OCoLC)fst01206953</subfield></datafield><datafield ind1=" " ind2="7" tag="651"><subfield code="a">Kentucky</subfield><subfield code="z">Lexington.</subfield><subfield code="2">fast</subfield><subfield code="0">(OCoLC)fst01206432</subfield></datafield><datafield ind1=" " ind2=" " tag="752"><subfield code="a">United States</subfield><subfield code="b">Kentucky</subfield><subfield code="c">Fayette</subfield><subfield code="d">Lexington.</subfield></datafield><datafield ind1="0" ind2="0" tag="780"><subfield code="t">Kentucky gazette and general advertiser</subfield><subfield code="w">(DLC)sn 84038147</subfield></datafield><datafield ind1="0" ind2="0" tag="785"><subfield code="t">Kentucky gazette (Lexington, Ky. : 1866)</subfield><subfield code="w">(DLC)sn 84027460</subfield></datafield><datafield ind1=" " ind2=" " tag="938"><subfield code="a">Kirtas Technologies, Inc.</subfield><subfield code="b">KRTS</subfield><subfield code="n">736014</subfield></datafield></record>